@misc{wiki-gauss-summenformel,
	year = {2010}, 
	author = {Wikipedia}, 
	url = {http://de.wikipedia.org/wiki/Gaußsche_Summenformel}, 
	title = {Gaußsche Summenformel}, 
}

